@report{salesforce,
    author = {Salesforce},
    title  = {The Power of Personalized Shopping},
    url    = {https://www.salesforce.com/form/commerce/power-of-personalized-shopping}
}

@report{mckinsey,
    author = {McKinsey},
    title  = {How Retailers Can Keep Up with Consumers},
    url    = {https://www.mckinsey.com/industries/retail/our-insights/how-retailers-can-keep-up-with-consumers}
}

@report{thenewspk,
    author = {The News Pakistan},
    title  = {Pakistani Fashion Industry has Great Potential},
    url    = {https://www.thenews.com.pk/print/450217-pakistani-fashion-industry-has-great-potential}
}

@report{commerce360,
    author = {Digital Commerce 360},
    title  = {US millennials now do most of their shopping online},
    url    = {https://www.digitalcommerce360.com/2019/03/26/millennials-online-shopping/}
}

@report{emarketer,
    author = {eMarketer},
    title  = {Millennials Make More Apparel Purchases than Other Generations},
    url    = {https://www.emarketer.com/content/millennials-make-more-apparel-purchases-than-other-generations}
}
